@incollection{Dijkstra:2002:GSC:944331.944353,
  author = {Dijkstra, Edsger W.},
  chapter = {Go to statement considered harmful},
  title = {Software pioneers},
  editor = {Broy, Manfred and Denert, Ernst},
  year = {2002},
  isbn = {3-540-43081-4},
  pages = {351--355},
  numpages = {5},
  url = {http://dl.acm.org/citation.cfm?id=944331.944353},
  acmid = {944353},
  publisher = {Springer-Verlag New York, Inc.},
  address = {New York, NY, USA},
  keywords = {alternative clause, branch instruction, conditional clause, go to statement, jump instruction, program intelligibility, program sequencing, repetitive clause}
}
 
@book{Krug:2005:DMM:1051204,
 author = {Krug, Steve},
 title = {Don't Make Me Think: A Common Sense Approach to the Web (2nd Edition)},
 year = {2005},
 isbn = {0321344758},
 publisher = {New Riders Publishing},
 address = {Thousand Oaks, CA, USA}
} 
@article{janssen2004towards,
  title={Towards energy efficient buildings in Europe},
  author={Janssen, Rod}
}

@ARTICLE{futurehome, 
author={Intille, S.S.}, 
journal={Pervasive Computing, IEEE}, title={Designing a home of the future}, 
year={2002}, 
volume={1}, 
number={2}, 
pages={76-82}, 
keywords={distributed sensors;home automation;human factors;information technology;mobile computing;behavior change;context-aware sensing;future home;information technology;living laboratory;pervasive computing;Application software;Automatic control;Computer architecture;Computer displays;Home computing;Laboratories;Pervasive computing;Resource management;Space technology;Technology planning}, 
doi={10.1109/MPRV.2002.1012340}, 
ISSN={1536-1268},}

@article{olson:2000:distance,
  title={Distance Matters},
  author={Olson, Gary M and Olson, Judith S},
  journal={Human-Computer Interaction},
  volume={15},
  number={2},
  pages={139--178},
  year={2000},
  publisher={L. Erlbaum Associates Inc.}
}

@article{jarvenpaa1998communication,
  title={Communication and trust in global virtual teams},
  author={Jarvenpaa, Sirkka L and Leidner, Dorothy E},
  journal={Journal of Computer-Mediated Communication},
  volume={3},
  number={4},
  pages={0--0},
  year={1998},
  publisher={Wiley Online Library}
}
